%YAML 1.1
%TAG !u! tag:unity3d.com,2011:
--- !u!1 &114818
GameObject:
  m_ObjectHideFlags: 0
  m_PrefabParentObject: {fileID: 0}
  m_PrefabInternal: {fileID: 100100000}
  serializedVersion: 5
  m_Component:
  - component: {fileID: 22497448}
  - component: {fileID: 11421196}
  - component: {fileID: 11408168}
  m_Layer: 5
  m_Name: Audio
  m_TagString: Untagged
  m_Icon: {fileID: 0}
  m_NavMeshLayer: 0
  m_StaticEditorFlags: 0
  m_IsActive: 1
--- !u!1 &124156
GameObject:
  m_ObjectHideFlags: 0
  m_PrefabParentObject: {fileID: 0}
  m_PrefabInternal: {fileID: 100100000}
  serializedVersion: 5
  m_Component:
  - component: {fileID: 429550}
  - component: {fileID: 11406576}
  m_Layer: 0
  m_Name: LensFocusEffect
  m_TagString: Untagged
  m_Icon: {fileID: 0}
  m_NavMeshLayer: 0
  m_StaticEditorFlags: 0
  m_IsActive: 1
--- !u!4 &429550
Transform:
  m_ObjectHideFlags: 1
  m_PrefabParentObject: {fileID: 0}
  m_PrefabInternal: {fileID: 100100000}
  m_GameObject: {fileID: 124156}
  m_LocalRotation: {x: 0, y: 0, z: 0, w: 1}
  m_LocalPosition: {x: 0.0375762, y: -6.345601, z: 0.7557831}
  m_LocalScale: {x: 1, y: 1, z: 1}
  m_Children:
  - {fileID: 22497448}
  m_Father: {fileID: 0}
  m_RootOrder: 0
  m_LocalEulerAnglesHint: {x: 0, y: 0, z: 0}
--- !u!114 &11406576
MonoBehaviour:
  m_ObjectHideFlags: 1
  m_PrefabParentObject: {fileID: 0}
  m_PrefabInternal: {fileID: 100100000}
  m_GameObject: {fileID: 124156}
  m_Enabled: 1
  m_EditorHideFlags: 0
  m_Script: {fileID: 11500000, guid: 9bf106d849ef3d54db8f18f5cedff159, type: 3}
  m_Name: 
  m_EditorClassIdentifier: 
  blur: {fileID: 0}
  blackCover: {fileID: 0}
  alphaManager: {r: 0, g: 0, b: 0, a: 0}
  opacity: 0
  blurTimer: 0
  delay: 2
  ZoomAudio: {fileID: 11421196}
  FocusedAudio: {fileID: 11408168}
  FocusDelayOn: 1
--- !u!114 &11408168
MonoBehaviour:
  m_ObjectHideFlags: 1
  m_PrefabParentObject: {fileID: 0}
  m_PrefabInternal: {fileID: 100100000}
  m_GameObject: {fileID: 114818}
  m_Enabled: 1
  m_EditorHideFlags: 0
  m_Script: {fileID: 11500000, guid: 346b9cabafbd4c54e8568e303c1685a2, type: 3}
  m_Name: 
  m_EditorClassIdentifier: 
  AudioClips:
  - {fileID: 8300000, guid: 157f400b3840901448eba0c790a53cde, type: 3}
  AudioMixerGroup: {fileID: 24344990, guid: aced796597c5172469faebbca257f0db, type: 2}
  PlayOnStart: 0
--- !u!114 &11421196
MonoBehaviour:
  m_ObjectHideFlags: 1
  m_PrefabParentObject: {fileID: 0}
  m_PrefabInternal: {fileID: 100100000}
  m_GameObject: {fileID: 114818}
  m_Enabled: 1
  m_EditorHideFlags: 0
  m_Script: {fileID: 11500000, guid: 346b9cabafbd4c54e8568e303c1685a2, type: 3}
  m_Name: 
  m_EditorClassIdentifier: 
  AudioClips:
  - {fileID: 8300000, guid: 157f400b3840901448eba0c790a53cde, type: 3}
  AudioMixerGroup: {fileID: 24344990, guid: aced796597c5172469faebbca257f0db, type: 2}
  PlayOnStart: 0
--- !u!224 &22497448
RectTransform:
  m_ObjectHideFlags: 1
  m_PrefabParentObject: {fileID: 0}
  m_PrefabInternal: {fileID: 100100000}
  m_GameObject: {fileID: 114818}
  m_LocalRotation: {x: 0, y: 0, z: 0, w: 1}
  m_LocalPosition: {x: -0.037574768, y: 7.3456, z: 89.24422}
  m_LocalScale: {x: 0.103714794, y: 0.103714794, z: 0.103714794}
  m_Children: []
  m_Father: {fileID: 429550}
  m_RootOrder: 0
  m_LocalEulerAnglesHint: {x: 0, y: 0, z: 0}
  m_AnchorMin: {x: 0.5, y: 0.5}
  m_AnchorMax: {x: 0.5, y: 0.5}
  m_AnchoredPosition: {x: -0.0375762, y: 7.3456}
  m_SizeDelta: {x: 100, y: 100}
  m_Pivot: {x: 0.5, y: 0.5}
--- !u!1001 &100100000
Prefab:
  m_ObjectHideFlags: 1
  serializedVersion: 2
  m_Modification:
    m_TransformParent: {fileID: 0}
    m_Modifications: []
    m_RemovedComponents: []
  m_ParentPrefab: {fileID: 0}
  m_RootGameObject: {fileID: 124156}
  m_IsPrefabParent: 1
